<record xmlns="http://www.loc.gov/MARC21/slim" xmlns:xsi="http://www.w3.org/2001/XMLSchema-instance" xsi:schemaLocation="http://www.loc.gov/MARC21/slim http://www.loc.gov/standards/marcxml/schema/MARC21slim.xsd"><leader>01201nam a2200253   4500</leader><controlfield tag="001">001679997</controlfield><controlfield tag="003">NNU</controlfield><controlfield tag="006">m        d        </controlfield><controlfield tag="007">cr cn |||m|||a</controlfield><controlfield tag="008">140707s1966    iq      o     000 0bara</controlfield><datafield ind1=" " ind2=" " tag="040"><subfield code="a">NNU</subfield><subfield code="b">eng</subfield><subfield code="c">NNU</subfield></datafield><datafield ind1="1" ind2=" " tag="100"><subfield code="a">&#699;Aww&#257;d, K&#363;rk&#299;s.</subfield></datafield><datafield ind1="1" ind2="3" tag="245"><subfield code="a">al-Ab Anast&#257;s M&#257;r&#299; al-Kirmil&#299;</subfield><subfield code="h">[electronic resource],</subfield><subfield code="b">&#7717;ay&#257;t uhu wa-mu&#700;allafatuh, 1866-1947.</subfield></datafield><datafield ind1=" " ind2=" " tag="260"><subfield code="a">Baghd&#257;d,</subfield><subfield code="b">Ma&#7789;ba&#699;at al-&#699;&#256;n&#299;,</subfield><subfield code="c">1966.</subfield></datafield><datafield ind1=" " ind2=" " tag="300"><subfield code="a">online resource (303 p.)</subfield></datafield><datafield ind1=" " ind2=" " tag="500"><subfield code="a">Added t. p.: Arabic philologist: Anastase-Marie the Carmalite (1866-1947), his life and writings, by Gurgius Awwad.</subfield></datafield><datafield ind1=" " ind2=" " tag="500"><subfield code="a">Part of the Arabic Collections Online (ACO) project, contributed by New York Univeristy Libraries.</subfield></datafield><datafield ind1=" " ind2=" " tag="533"><subfield code="a">Electronic reproduction.</subfield><subfield code="b">New York, N.Y. :</subfield><subfield code="c">New York University,</subfield><subfield code="d">2014.</subfield><subfield code="5">NNU</subfield></datafield><datafield ind1="0" ind2="0" tag="600"><subfield code="a">Anist&#257;s M&#257;r&#299;,</subfield><subfield code="c">al-Karmil&#299;, ab,</subfield><subfield code="d">1866-1947</subfield><subfield code="v">Bio-bibliography.</subfield></datafield><datafield ind1="2" ind2=" " tag="710"><subfield code="a">New York University.</subfield><subfield code="b">Libraries.</subfield></datafield><datafield ind1="0" ind2=" " tag="730"><subfield code="a">Arabic Collections Online.</subfield></datafield><datafield ind1="0" ind2="8" tag="776"><subfield code="i">Print version:</subfield><subfield code="a">&#699;Aww&#257;d, K&#363;rk&#299;s.</subfield><subfield code="t">al-Ab Anast&#257;s M&#257;r&#299; al-Kirmil&#299;</subfield><subfield code="w">(NNU)001679997</subfield><subfield code="w">(DLC)ne 67000277</subfield></datafield><datafield ind1="4" ind2="0" tag="856"><subfield code="u">http://hdl.handle.net/2333.1/gtht7891</subfield></datafield><datafield ind1=" " ind2=" " tag="959"><subfield code="a">NNU</subfield><subfield code="b">WEB</subfield><subfield code="c">GENI</subfield><subfield code="t">0</subfield><subfield code="m">Electronic access</subfield><subfield code="s">01</subfield></datafield></record>